<record><leader>00000cas a2200000 a 4500</leader><controlfield tag="001">32575824</controlfield><controlfield tag="008">950531d1uuu1932caudr ne      0    0jpn c</controlfield><datafield ind1=" " ind2=" " tag="010"><subfield code="a">sn 95061010 </subfield></datafield><datafield ind1=" " ind2=" " tag="040"><subfield code="a">CNK</subfield><subfield code="b">eng</subfield><subfield code="c">CNK</subfield><subfield code="d">CVF</subfield><subfield code="d">CNK</subfield><subfield code="d">OCLCQ</subfield><subfield code="d">OCLCF</subfield><subfield code="d">OCLCO</subfield></datafield><datafield ind1="1" ind2=" " tag="029"><subfield code="a">AU@</subfield><subfield code="b">000015766716</subfield></datafield><datafield ind1="1" ind2=" " tag="029"><subfield code="a">AU@</subfield><subfield code="b">000025859854</subfield></datafield><datafield ind1="0" ind2=" " tag="041"><subfield code="a">jpneng</subfield></datafield><datafield ind1=" " ind2=" " tag="042"><subfield code="a">pcc</subfield></datafield><datafield ind1=" " ind2=" " tag="043"><subfield code="a">n-us---</subfield><subfield code="a">n-us-ca</subfield></datafield><datafield ind1="0" ind2="0" tag="245"><subfield code="a">Nikkan shinsekai =</subfield><subfield code="b">Japanese daily new world.</subfield></datafield><datafield ind1="3" ind2="1" tag="246"><subfield code="a">Japanese daily new world</subfield></datafield><datafield ind1="3" ind2=" " tag="246"><subfield code="a">New world</subfield></datafield><datafield ind1="1" ind2="7" tag="246"><subfield code="a">Shin sekai</subfield></datafield><datafield ind1="1" ind2=" " tag="246"><subfield code="i">Sunday editions from Feb. 9, 1908- published as:</subfield><subfield code="a">Shin sekai nichiyo&#772;</subfield></datafield><datafield ind1="3" ind2=" " tag="246"><subfield code="a">Shin sekai nikkan</subfield></datafield><datafield ind1="3" ind2=" " tag="246"><subfield code="a">Shinsekai nikkan</subfield></datafield><datafield ind1="3" ind2=" " tag="246"><subfield code="a">Nikkan shin sekai</subfield></datafield><datafield ind1=" " ind2=" " tag="260"><subfield code="a">Oakland, Cal. :</subfield><subfield code="b">K. Saisho</subfield></datafield><datafield ind1=" " ind2=" " tag="300"><subfield code="a">v.</subfield></datafield><datafield ind1=" " ind2=" " tag="310"><subfield code="a">Daily</subfield></datafield><datafield ind1="1" ind2=" " tag="362"><subfield code="a">Ceased in 1932.</subfield></datafield><datafield ind1=" " ind2=" " tag="500"><subfield code="a">Publication moved to: San Francisco, Calif., Sept. 17, 1906.</subfield></datafield><datafield ind1=" " ind2=" " tag="500"><subfield code="a">English title varies: Japanese daily new world, &lt;May 7, 1906&gt;-Feb. 5, 1908; New world, Feb. 6, 1908- English title has "Japanese daily" in small type above "The new world", &lt;1912&gt;-June 14, 1913. English title changes back to New world, June 15, 1913.</subfield></datafield><datafield ind1=" " ind2=" " tag="530"><subfield code="a">Master negatives are available for duplication from:</subfield><subfield code="b">California Newspaper Microfilm Archive;</subfield><subfield code="c">for further information consult the CNMA at:</subfield><subfield code="u">http://cbsr.ucr.edu</subfield></datafield><datafield ind1=" " ind2=" " tag="546"><subfield code="a">In Japanese and English.</subfield></datafield><datafield ind1=" " ind2=" " tag="588"><subfield code="a">Description based on: No. 3844 (May 7, 1906).</subfield></datafield><datafield ind1=" " ind2="0" tag="650"><subfield code="a">Japanese</subfield><subfield code="z">United States</subfield><subfield code="v">Newspapers.</subfield></datafield><datafield ind1=" " ind2="0" tag="650"><subfield code="a">Japanese American newspapers</subfield><subfield code="z">California.</subfield></datafield><datafield ind1=" " ind2="0" tag="651"><subfield code="a">Oakland (Calif.)</subfield><subfield code="v">Newspapers.</subfield></datafield><datafield ind1=" " ind2="7" tag="655"><subfield code="a">Newspapers.</subfield><subfield code="2">fast</subfield><subfield code="0">(OCoLC)fst01423814</subfield></datafield><datafield ind1=" " ind2="7" tag="650"><subfield code="a">Japanese.</subfield><subfield code="2">fast</subfield><subfield code="0">(OCoLC)fst00981362</subfield></datafield><datafield ind1=" " ind2="7" tag="650"><subfield code="a">Japanese American newspapers.</subfield><subfield code="2">fast</subfield><subfield code="0">(OCoLC)fst00981426</subfield></datafield><datafield ind1=" " ind2="7" tag="651"><subfield code="a">California.</subfield><subfield code="2">fast</subfield><subfield code="0">(OCoLC)fst01204928</subfield></datafield><datafield ind1=" " ind2="7" tag="651"><subfield code="a">California</subfield><subfield code="z">Oakland.</subfield><subfield code="2">fast</subfield><subfield code="0">(OCoLC)fst01206605</subfield></datafield><datafield ind1=" " ind2="7" tag="651"><subfield code="a">United States.</subfield><subfield code="2">fast</subfield><subfield code="0">(OCoLC)fst01204155</subfield></datafield><datafield ind1=" " ind2=" " tag="752"><subfield code="a">United States</subfield><subfield code="b">California</subfield><subfield code="c">Alameda</subfield><subfield code="d">Oakland.</subfield></datafield><datafield ind1="0" ind2="0" tag="785"><subfield code="t">Shinsekai nichinichi shinbun</subfield><subfield code="w">(DLC)sn 95063132</subfield></datafield></record>